

@article{kaasinen2003user,
	Author = {Kaasinen, Eija},
	Date-Added = {2015-08-16 20:18:56 +0000},
	Date-Modified = {2015-08-16 20:18:56 +0000},
	Journal = {Personal and ubiquitous computing},
	Number = {1},
	Pages = {70--79},
	Publisher = {Springer-Verlag},
	Title = {User needs for location-aware mobile services},
	Volume = {7},
	Year = {2003},
	Bdsk-File-1 = {YnBsaXN0MDDUAQIDBAUGJCVYJHZlcnNpb25YJG9iamVjdHNZJGFyY2hpdmVyVCR0b3ASAAGGoKgHCBMUFRYaIVUkbnVsbNMJCgsMDxJXTlMua2V5c1pOUy5vYmplY3RzViRjbGFzc6INDoACgAOiEBGABIAFgAdccmVsYXRpdmVQYXRoWWFsaWFzRGF0YV8QG3BhcGVycy9rYWFzaW5lbjIwMDN1c2VyLnBkZtIXCxgZV05TLmRhdGFPEQHeAAAAAAHeAAIAAA1NYWNpbnRvc2ggU1NEAAAAAAAAAAAAAAAAAADMx/03SCsAAAN/nScUa2Fhc2luZW4yMDAzdXNlci5wZGYAAAAAAAAAAAAAAAAAAAAAAAAAAAAAAAAAAAAAAAAAAAAAAAAAAAAAAAAAA4AnztH2vOcAAAAAAAAAAAABAAMAAAkgAAAAAAAAAAAAAAAAAAAABnBhcGVycwAQAAgAAMzH7ycAAAARAAgAANH2oMcAAAABABwDf50nA37nZwBr7tYABYANAAVorQAFM4wAAMCRAAIAWk1hY2ludG9zaCBTU0Q6VXNlcnM6AFNpbW9uOgBEb2N1bWVudHM6AFNvdXJjZXM6AFRlWDoAUHJpdmFjeToAcGFwZXJzOgBrYWFzaW5lbjIwMDN1c2VyLnBkZgAOACoAFABrAGEAYQBzAGkAbgBlAG4AMgAwADAAMwB1AHMAZQByAC4AcABkAGYADwAcAA0ATQBhAGMAaQBuAHQAbwBzAGgAIABTAFMARAASAEVVc2Vycy9TaW1vbi9Eb2N1bWVudHMvU291cmNlcy9UZVgvUHJpdmFjeS9wYXBlcnMva2Fhc2luZW4yMDAzdXNlci5wZGYAABMAAS8AABUAAgAM//8AAIAG0hscHR5aJGNsYXNzbmFtZVgkY2xhc3Nlc11OU011dGFibGVEYXRhox0fIFZOU0RhdGFYTlNPYmplY3TSGxwiI1xOU0RpY3Rpb25hcnmiIiBfEA9OU0tleWVkQXJjaGl2ZXLRJidUcm9vdIABAAgAEQAaACMALQAyADcAQABGAE0AVQBgAGcAagBsAG4AcQBzAHUAdwCEAI4ArACxALkCmwKdAqICrQK2AsQCyALPAtgC3QLqAu0C/wMCAwcAAAAAAAACAQAAAAAAAAAoAAAAAAAAAAAAAAAAAAADCQ==}}

@inproceedings{danezis2005much,
	Author = {Danezis, George and Lewis, Stephen and Anderson, Ross J},
	Booktitle = {WEIS},
	Date-Added = {2015-08-16 20:17:52 +0000},
	Date-Modified = {2015-08-16 20:17:52 +0000},
	Organization = {Citeseer},
	Title = {How much is location privacy worth?},
	Volume = {5},
	Year = {2005},
	Bdsk-File-1 = {YnBsaXN0MDDUAQIDBAUGJCVYJHZlcnNpb25YJG9iamVjdHNZJGFyY2hpdmVyVCR0b3ASAAGGoKgHCBMUFRYaIVUkbnVsbNMJCgsMDxJXTlMua2V5c1pOUy5vYmplY3RzViRjbGFzc6INDoACgAOiEBGABIAFgAdccmVsYXRpdmVQYXRoWWFsaWFzRGF0YV8QGnBhcGVycy9kYW5lemlzMjAwNW11Y2gucGRm0hcLGBlXTlMuZGF0YU8RAdoAAAAAAdoAAgAADU1hY2ludG9zaCBTU0QAAAAAAAAAAAAAAAAAAMzH/TdIKwAAA3+dJxNkYW5lemlzMjAwNW11Y2gucGRmAAAAAAAAAAAAAAAAAAAAAAAAAAAAAAAAAAAAAAAAAAAAAAAAAAAAAAAAAAADgCfB0fa8rAAAAAAAAAAAAAEAAwAACSAAAAAAAAAAAAAAAAAAAAAGcGFwZXJzABAACAAAzMfvJwAAABEACAAA0fagjAAAAAEAHAN/nScDfudnAGvu1gAFgA0ABWitAAUzjAAAwJEAAgBZTWFjaW50b3NoIFNTRDpVc2VyczoAU2ltb246AERvY3VtZW50czoAU291cmNlczoAVGVYOgBQcml2YWN5OgBwYXBlcnM6AGRhbmV6aXMyMDA1bXVjaC5wZGYAAA4AKAATAGQAYQBuAGUAegBpAHMAMgAwADAANQBtAHUAYwBoAC4AcABkAGYADwAcAA0ATQBhAGMAaQBuAHQAbwBzAGgAIABTAFMARAASAERVc2Vycy9TaW1vbi9Eb2N1bWVudHMvU291cmNlcy9UZVgvUHJpdmFjeS9wYXBlcnMvZGFuZXppczIwMDVtdWNoLnBkZgATAAEvAAAVAAIADP//AACABtIbHB0eWiRjbGFzc25hbWVYJGNsYXNzZXNdTlNNdXRhYmxlRGF0YaMdHyBWTlNEYXRhWE5TT2JqZWN00hscIiNcTlNEaWN0aW9uYXJ5oiIgXxAPTlNLZXllZEFyY2hpdmVy0SYnVHJvb3SAAQAIABEAGgAjAC0AMgA3AEAARgBNAFUAYABnAGoAbABuAHEAcwB1AHcAhACOAKsAsAC4ApYCmAKdAqgCsQK/AsMCygLTAtgC5QLoAvoC/QMCAAAAAAAAAgEAAAAAAAAAKAAAAAAAAAAAAAAAAAAAAwQ=}}

@article{kumaraguru2005privacy,
	Author = {Kumaraguru, Ponnurangam and Cranor, Lorrie Faith},
	Date-Added = {2015-08-16 16:02:28 +0000},
	Date-Modified = {2015-08-16 16:02:28 +0000},
	Title = {Privacy indexes: a survey of Westin's studies},
	Year = {2005},
	Bdsk-File-1 = {YnBsaXN0MDDUAQIDBAUGJCVYJHZlcnNpb25YJG9iamVjdHNZJGFyY2hpdmVyVCR0b3ASAAGGoKgHCBMUFRYaIVUkbnVsbNMJCgsMDxJXTlMua2V5c1pOUy5vYmplY3RzViRjbGFzc6INDoACgAOiEBGABIAFgAdccmVsYXRpdmVQYXRoWWFsaWFzRGF0YV8QIHBhcGVycy9rdW1hcmFndXJ1MjAwNXByaXZhY3kucGRm0hcLGBlXTlMuZGF0YU8RAfIAAAAAAfIAAgAADU1hY2ludG9zaCBTU0QAAAAAAAAAAAAAAAAAAMzH/TdIKwAAA3+dJxlrdW1hcmFndXJ1MjAwNXByaXZhY3kucGRmAAAAAAAAAAAAAAAAAAAAAAAAAAAAAAAAAAAAAAAAAAAAAAAAAAADgCdA0YBaugAAAAAAAAAAAAEAAwAACSAAAAAAAAAAAAAAAAAAAAAGcGFwZXJzABAACAAAzMfvJwAAABEACAAA0YA+mgAAAAEAHAN/nScDfudnAGvu1gAFgA0ABWitAAUzjAAAwJEAAgBfTWFjaW50b3NoIFNTRDpVc2VyczoAU2ltb246AERvY3VtZW50czoAU291cmNlczoAVGVYOgBQcml2YWN5OgBwYXBlcnM6AGt1bWFyYWd1cnUyMDA1cHJpdmFjeS5wZGYAAA4ANAAZAGsAdQBtAGEAcgBhAGcAdQByAHUAMgAwADAANQBwAHIAaQB2AGEAYwB5AC4AcABkAGYADwAcAA0ATQBhAGMAaQBuAHQAbwBzAGgAIABTAFMARAASAEpVc2Vycy9TaW1vbi9Eb2N1bWVudHMvU291cmNlcy9UZVgvUHJpdmFjeS9wYXBlcnMva3VtYXJhZ3VydTIwMDVwcml2YWN5LnBkZgATAAEvAAAVAAIADP//AACABtIbHB0eWiRjbGFzc25hbWVYJGNsYXNzZXNdTlNNdXRhYmxlRGF0YaMdHyBWTlNEYXRhWE5TT2JqZWN00hscIiNcTlNEaWN0aW9uYXJ5oiIgXxAPTlNLZXllZEFyY2hpdmVy0SYnVHJvb3SAAQAIABEAGgAjAC0AMgA3AEAARgBNAFUAYABnAGoAbABuAHEAcwB1AHcAhACOALEAtgC+ArQCtgK7AsYCzwLdAuEC6ALxAvYDAwMGAxgDGwMgAAAAAAAAAgEAAAAAAAAAKAAAAAAAAAAAAAAAAAAAAyI=}}

@inproceedings{duckham2010moving,
	Acmid = {1868472},
	Address = {New York, NY, USA},
	Author = {Duckham, Matt},
	Booktitle = {Proceedings of the 3rd ACM SIGSPATIAL International Workshop on Security and Privacy in GIS and LBS},
	Date-Added = {2015-08-16 15:57:24 +0000},
	Date-Modified = {2015-08-16 15:57:24 +0000},
	Doi = {10.1145/1868470.1868472},
	Isbn = {978-1-4503-0435-1},
	Keywords = {accuracy, decentralization, location privacy, location-based services, movement patterns, precision, spatial information, user-generated content},
	Location = {San Jose, California},
	Numpages = {3},
	Pages = {1--3},
	Publisher = {ACM},
	Series = {SPRINGL '10},
	Title = {Moving Forward: Location Privacy and Location Awareness},
	Url = {http://doi.acm.org/10.1145/1868470.1868472},
	Year = {2010},
	Bdsk-Url-1 = {http://doi.acm.org/10.1145/1868470.1868472},
	Bdsk-Url-2 = {http://dx.doi.org/10.1145/1868470.1868472},
	Bdsk-File-1 = {YnBsaXN0MDDUAQIDBAUGJCVYJHZlcnNpb25YJG9iamVjdHNZJGFyY2hpdmVyVCR0b3ASAAGGoKgHCBMUFRYaIVUkbnVsbNMJCgsMDxJXTlMua2V5c1pOUy5vYmplY3RzViRjbGFzc6INDoACgAOiEBGABIAFgAdccmVsYXRpdmVQYXRoWWFsaWFzRGF0YV8QHHBhcGVycy9kdWNraGFtMjAxMG1vdmluZy5wZGbSFwsYGVdOUy5kYXRhTxEB4gAAAAAB4gACAAANTWFjaW50b3NoIFNTRAAAAAAAAAAAAAAAAAAAzMf9N0grAAADf50nFWR1Y2toYW0yMDEwbW92aW5nLnBkZgAAAAAAAAAAAAAAAAAAAAAAAAAAAAAAAAAAAAAAAAAAAAAAAAAAAAAAAAN/w8bR9oJNAAAAAAAAAAAAAQADAAAJIAAAAAAAAAAAAAAAAAAAAAZwYXBlcnMAEAAIAADMx+8nAAAAEQAIAADR9mYtAAAAAQAcA3+dJwN+52cAa+7WAAWADQAFaK0ABTOMAADAkQACAFtNYWNpbnRvc2ggU1NEOlVzZXJzOgBTaW1vbjoARG9jdW1lbnRzOgBTb3VyY2VzOgBUZVg6AFByaXZhY3k6AHBhcGVyczoAZHVja2hhbTIwMTBtb3ZpbmcucGRmAAAOACwAFQBkAHUAYwBrAGgAYQBtADIAMAAxADAAbQBvAHYAaQBuAGcALgBwAGQAZgAPABwADQBNAGEAYwBpAG4AdABvAHMAaAAgAFMAUwBEABIARlVzZXJzL1NpbW9uL0RvY3VtZW50cy9Tb3VyY2VzL1RlWC9Qcml2YWN5L3BhcGVycy9kdWNraGFtMjAxMG1vdmluZy5wZGYAEwABLwAAFQACAAz//wAAgAbSGxwdHlokY2xhc3NuYW1lWCRjbGFzc2VzXU5TTXV0YWJsZURhdGGjHR8gVk5TRGF0YVhOU09iamVjdNIbHCIjXE5TRGljdGlvbmFyeaIiIF8QD05TS2V5ZWRBcmNoaXZlctEmJ1Ryb290gAEACAARABoAIwAtADIANwBAAEYATQBVAGAAZwBqAGwAbgBxAHMAdQB3AIQAjgCtALIAugKgAqICpwKyArsCyQLNAtQC3QLiAu8C8gMEAwcDDAAAAAAAAAIBAAAAAAAAACgAAAAAAAAAAAAAAAAAAAMO}}

@inproceedings{zhong2007louis,
	Author = {Zhong, Ge and Goldberg, Ian and Hengartner, Urs},
	Booktitle = {Privacy Enhancing Technologies},
	Date-Added = {2015-08-16 12:12:32 +0000},
	Date-Modified = {2015-08-16 12:12:32 +0000},
	Organization = {Springer},
	Pages = {62--76},
	Title = {Louis, lester and pierre: Three protocols for location privacy},
	Year = {2007},
	Bdsk-File-1 = {YnBsaXN0MDDUAQIDBAUGJCVYJHZlcnNpb25YJG9iamVjdHNZJGFyY2hpdmVyVCR0b3ASAAGGoKgHCBMUFRYaIVUkbnVsbNMJCgsMDxJXTlMua2V5c1pOUy5vYmplY3RzViRjbGFzc6INDoACgAOiEBGABIAFgAdccmVsYXRpdmVQYXRoWWFsaWFzRGF0YV8QGXBhcGVycy96aG9uZzIwMDdsb3Vpcy5wZGbSFwsYGVdOUy5kYXRhTxEB1gAAAAAB1gACAAANTWFjaW50b3NoIFNTRAAAAAAAAAAAAAAAAAAAzMf9N0grAAADf50nEnpob25nMjAwN2xvdWlzLnBkZgAAAAAAAAAAAAAAAAAAAAAAAAAAAAAAAAAAAAAAAAAAAAAAAAAAAAAAAAAAAAN/bL3R9kojAAAAAAAAAAAAAQADAAAJIAAAAAAAAAAAAAAAAAAAAAZwYXBlcnMAEAAIAADMx+8nAAAAEQAIAADR9i4DAAAAAQAcA3+dJwN+52cAa+7WAAWADQAFaK0ABTOMAADAkQACAFhNYWNpbnRvc2ggU1NEOlVzZXJzOgBTaW1vbjoARG9jdW1lbnRzOgBTb3VyY2VzOgBUZVg6AFByaXZhY3k6AHBhcGVyczoAemhvbmcyMDA3bG91aXMucGRmAA4AJgASAHoAaABvAG4AZwAyADAAMAA3AGwAbwB1AGkAcwAuAHAAZABmAA8AHAANAE0AYQBjAGkAbgB0AG8AcwBoACAAUwBTAEQAEgBDVXNlcnMvU2ltb24vRG9jdW1lbnRzL1NvdXJjZXMvVGVYL1ByaXZhY3kvcGFwZXJzL3pob25nMjAwN2xvdWlzLnBkZgAAEwABLwAAFQACAAz//wAAgAbSGxwdHlokY2xhc3NuYW1lWCRjbGFzc2VzXU5TTXV0YWJsZURhdGGjHR8gVk5TRGF0YVhOU09iamVjdNIbHCIjXE5TRGljdGlvbmFyeaIiIF8QD05TS2V5ZWRBcmNoaXZlctEmJ1Ryb290gAEACAARABoAIwAtADIANwBAAEYATQBVAGAAZwBqAGwAbgBxAHMAdQB3AIQAjgCqAK8AtwKRApMCmAKjAqwCugK+AsUCzgLTAuAC4wL1AvgC/QAAAAAAAAIBAAAAAAAAACgAAAAAAAAAAAAAAAAAAAL/}}

@article{krumm2009computational,
	Author = {Krumm, John},
	Date-Added = {2015-08-16 11:57:22 +0000},
	Date-Modified = {2015-08-16 11:57:22 +0000},
	Doi = {10.1007/s00779-008-0212-5},
	Issn = {1617-4909},
	Journal = {Personal and Ubiquitous Computing},
	Keywords = {Location; Privacy; Context},
	Language = {English},
	Number = {6},
	Pages = {391-399},
	Publisher = {Springer-Verlag},
	Title = {A survey of computational location privacy},
	Url = {http://dx.doi.org/10.1007/s00779-008-0212-5},
	Volume = {13},
	Year = {2009},
	Bdsk-Url-1 = {http://dx.doi.org/10.1007/s00779-008-0212-5},
	Bdsk-File-1 = {YnBsaXN0MDDUAQIDBAUGJCVYJHZlcnNpb25YJG9iamVjdHNZJGFyY2hpdmVyVCR0b3ASAAGGoKgHCBMUFRYaIVUkbnVsbNMJCgsMDxJXTlMua2V5c1pOUy5vYmplY3RzViRjbGFzc6INDoACgAOiEBGABIAFgAdccmVsYXRpdmVQYXRoWWFsaWFzRGF0YV8QIXBhcGVycy9rcnVtbTIwMDljb21wdXRhdGlvbmFsLnBkZtIXCxgZV05TLmRhdGFPEQH2AAAAAAH2AAIAAA1NYWNpbnRvc2ggU1NEAAAAAAAAAAAAAAAAAADMx/03SCsAAAN/nScaa3J1bW0yMDA5Y29tcHV0YXRpb25hbC5wZGYAAAAAAAAAAAAAAAAAAAAAAAAAAAAAAAAAAAAAAAAAAAAAAAAAA2WB2NHWoxUAAAAAAAAAAAABAAMAAAkgAAAAAAAAAAAAAAAAAAAABnBhcGVycwAQAAgAAMzH7ycAAAARAAgAANHWhvUAAAABABwDf50nA37nZwBr7tYABYANAAVorQAFM4wAAMCRAAIAYE1hY2ludG9zaCBTU0Q6VXNlcnM6AFNpbW9uOgBEb2N1bWVudHM6AFNvdXJjZXM6AFRlWDoAUHJpdmFjeToAcGFwZXJzOgBrcnVtbTIwMDljb21wdXRhdGlvbmFsLnBkZgAOADYAGgBrAHIAdQBtAG0AMgAwADAAOQBjAG8AbQBwAHUAdABhAHQAaQBvAG4AYQBsAC4AcABkAGYADwAcAA0ATQBhAGMAaQBuAHQAbwBzAGgAIABTAFMARAASAEtVc2Vycy9TaW1vbi9Eb2N1bWVudHMvU291cmNlcy9UZVgvUHJpdmFjeS9wYXBlcnMva3J1bW0yMDA5Y29tcHV0YXRpb25hbC5wZGYAABMAAS8AABUAAgAM//8AAIAG0hscHR5aJGNsYXNzbmFtZVgkY2xhc3Nlc11OU011dGFibGVEYXRhox0fIFZOU0RhdGFYTlNPYmplY3TSGxwiI1xOU0RpY3Rpb25hcnmiIiBfEA9OU0tleWVkQXJjaGl2ZXLRJidUcm9vdIABAAgAEQAaACMALQAyADcAQABGAE0AVQBgAGcAagBsAG4AcQBzAHUAdwCEAI4AsgC3AL8CuQK7AsACywLUAuIC5gLtAvYC+wMIAwsDHQMgAyUAAAAAAAACAQAAAAAAAAAoAAAAAAAAAAAAAAAAAAADJw==}}

@inproceedings{narayanan2011location,
	Author = {Narayanan, Arvind and Thiagarajan, Narendran and Lakhani, Mugdha and Hamburg, Michael and Boneh, Dan},
	Booktitle = {NDSS},
	Organization = {Citeseer},
	Title = {Location Privacy via Private Proximity Testing.},
	Url = {http://crypto.stanford.edu/~dabo/pubs/abstracts/locpriv.html},
	Year = {2011},
	Bdsk-Url-1 = {http://crypto.stanford.edu/~dabo/pubs/abstracts/locpriv.html},
	Bdsk-File-1 = {YnBsaXN0MDDUAQIDBAUGJCVYJHZlcnNpb25YJG9iamVjdHNZJGFyY2hpdmVyVCR0b3ASAAGGoKgHCBMUFRYaIVUkbnVsbNMJCgsMDxJXTlMua2V5c1pOUy5vYmplY3RzViRjbGFzc6INDoACgAOiEBGABIAFgAdccmVsYXRpdmVQYXRoWWFsaWFzRGF0YV8QIHBhcGVycy9uYXJheWFuYW4yMDExbG9jYXRpb24ucGRm0hcLGBlXTlMuZGF0YU8RAfIAAAAAAfIAAgAADU1hY2ludG9zaCBTU0QAAAAAAAAAAAAAAAAAAMzH/TdIKwAAA3+dJxluYXJheWFuYW4yMDExbG9jYXRpb24ucGRmAAAAAAAAAAAAAAAAAAAAAAAAAAAAAAAAAAAAAAAAAAAAAAAAAAADWQix0c6lCgAAAAAAAAAAAAEAAwAACSAAAAAAAAAAAAAAAAAAAAAGcGFwZXJzABAACAAAzMfvJwAAABEACAAA0c6I6gAAAAEAHAN/nScDfudnAGvu1gAFgA0ABWitAAUzjAAAwJEAAgBfTWFjaW50b3NoIFNTRDpVc2VyczoAU2ltb246AERvY3VtZW50czoAU291cmNlczoAVGVYOgBQcml2YWN5OgBwYXBlcnM6AG5hcmF5YW5hbjIwMTFsb2NhdGlvbi5wZGYAAA4ANAAZAG4AYQByAGEAeQBhAG4AYQBuADIAMAAxADEAbABvAGMAYQB0AGkAbwBuAC4AcABkAGYADwAcAA0ATQBhAGMAaQBuAHQAbwBzAGgAIABTAFMARAASAEpVc2Vycy9TaW1vbi9Eb2N1bWVudHMvU291cmNlcy9UZVgvUHJpdmFjeS9wYXBlcnMvbmFyYXlhbmFuMjAxMWxvY2F0aW9uLnBkZgATAAEvAAAVAAIADP//AACABtIbHB0eWiRjbGFzc25hbWVYJGNsYXNzZXNdTlNNdXRhYmxlRGF0YaMdHyBWTlNEYXRhWE5TT2JqZWN00hscIiNcTlNEaWN0aW9uYXJ5oiIgXxAPTlNLZXllZEFyY2hpdmVy0SYnVHJvb3SAAQAIABEAGgAjAC0AMgA3AEAARgBNAFUAYABnAGoAbABuAHEAcwB1AHcAhACOALEAtgC+ArQCtgK7AsYCzwLdAuEC6ALxAvYDAwMGAxgDGwMgAAAAAAAAAgEAAAAAAAAAKAAAAAAAAAAAAAAAAAAAAyI=}}

@incollection{gorlach2005survey,
	Author = {Görlach, Andreas and Heinemann, Andreas and Terpstra, Wesley W},
	Booktitle = {Privacy, Security and Trust within the Context of Pervasive Computing},
	Pages = {23--34},
	Publisher = {Springer},
	Title = {Survey on location privacy in pervasive computing},
	Year = {2005},
	Bdsk-File-1 = {YnBsaXN0MDDUAQIDBAUGJCVYJHZlcnNpb25YJG9iamVjdHNZJGFyY2hpdmVyVCR0b3ASAAGGoKgHCBMUFRYaIVUkbnVsbNMJCgsMDxJXTlMua2V5c1pOUy5vYmplY3RzViRjbGFzc6INDoACgAOiEBGABIAFgAdccmVsYXRpdmVQYXRoWWFsaWFzRGF0YV8QHHBhcGVycy9nb3JsYWNoMjAwNXN1cnZleS5wZGbSFwsYGVdOUy5kYXRhTxEB4gAAAAAB4gACAAANTWFjaW50b3NoIFNTRAAAAAAAAAAAAAAAAAAAzMf9N0grAAADf50nFWdvcmxhY2gyMDA1c3VydmV5LnBkZgAAAAAAAAAAAAAAAAAAAAAAAAAAAAAAAAAAAAAAAAAAAAAAAAAAAAAAAANlhLzR1qOqAAAAAAAAAAAAAQADAAAJIAAAAAAAAAAAAAAAAAAAAAZwYXBlcnMAEAAIAADMx+8nAAAAEQAIAADR1oeKAAAAAQAcA3+dJwN+52cAa+7WAAWADQAFaK0ABTOMAADAkQACAFtNYWNpbnRvc2ggU1NEOlVzZXJzOgBTaW1vbjoARG9jdW1lbnRzOgBTb3VyY2VzOgBUZVg6AFByaXZhY3k6AHBhcGVyczoAZ29ybGFjaDIwMDVzdXJ2ZXkucGRmAAAOACwAFQBnAG8AcgBsAGEAYwBoADIAMAAwADUAcwB1AHIAdgBlAHkALgBwAGQAZgAPABwADQBNAGEAYwBpAG4AdABvAHMAaAAgAFMAUwBEABIARlVzZXJzL1NpbW9uL0RvY3VtZW50cy9Tb3VyY2VzL1RlWC9Qcml2YWN5L3BhcGVycy9nb3JsYWNoMjAwNXN1cnZleS5wZGYAEwABLwAAFQACAAz//wAAgAbSGxwdHlokY2xhc3NuYW1lWCRjbGFzc2VzXU5TTXV0YWJsZURhdGGjHR8gVk5TRGF0YVhOU09iamVjdNIbHCIjXE5TRGljdGlvbmFyeaIiIF8QD05TS2V5ZWRBcmNoaXZlctEmJ1Ryb290gAEACAARABoAIwAtADIANwBAAEYATQBVAGAAZwBqAGwAbgBxAHMAdQB3AIQAjgCtALIAugKgAqICpwKyArsCyQLNAtQC3QLiAu8C8gMEAwcDDAAAAAAAAAIBAAAAAAAAACgAAAAAAAAAAAAAAAAAAAMO}}
