@article{koblitz2007another,
  title={Another look at" provable security"},
  author={Koblitz, Neal and Menezes, Alfred J},
  journal={Journal of Cryptology},
  volume={20},
  number={1},
  pages={3--37},
  year={2007},
  publisher={Springer}
}

@incollection{koblitz2007another2,
year={2006},
isbn={978-3-540-49767-7},
booktitle={Progress in Cryptology - INDOCRYPT 2006},
volume={4329},
series={Lecture Notes in Computer Science},
editor={Barua, Rana and Lange, Tanja},
doi={10.1007/11941378_12},
title={Another Look at “Provable Security”. II},
url={http://dx.doi.org/10.1007/11941378_12},
publisher={Springer Berlin Heidelberg},
author={Koblitz, Neal and Menezes, Alfred},
pages={148-175},
language={English}
}

@inproceedings{chatterjee2012another,
  title={Another look at tightness},
  author={Chatterjee, Sanjit and Menezes, Alfred and Sarkar, Palash},
  booktitle={Selected Areas in Cryptography},
  pages={293--319},
  year={2012},
  organization={Springer}
}

@article{blum1983coin,
  title={Coin flipping by telephone a protocol for solving impossible problems},
  author={Blum, Manuel},
  journal={ACM SIGACT News},
  volume={15},
  number={1},
  pages={23--27},
  year={1983},
  publisher={ACM}
}

@inproceedings{goldwasser1985knowledge,
  title={The knowledge complexity of interactive proof-systems},
  author={Goldwasser, Shafi and Micali, Silvio and Rackoff, Charles},
  booktitle={Proceedings of the seventeenth annual ACM symposium on Theory of computing},
  pages={291--304},
  year={1985},
  organization={ACM}
}

@article{rabin2005exchange,
  title={How To Exchange Secrets with Oblivious Transfer.},
  author={Rabin, Michael O},
  journal={IACR Cryptology ePrint Archive},
  volume={2005},
  pages={187},
  year={2005}
}

@article{rogaway2009practice,
  title={Practice-oriented provable security and the social construction of cryptography},
  author={Rogaway, Phillip},
  journal={Unpublished essay},
  year={2009}
}

@article{koblitz2007uneasy,
  title={The uneasy relationship between mathematics and cryptography},
  author={Koblitz, Neal},
  journal={Notices of the AMS},
  volume={54},
  number={8},
  pages={972--979},
  year={2007}
}

@incollection{bellare1998practice,
  title={Practice-oriented provable-security},
  author={Bellare, Mihir},
  booktitle={Information Security},
  pages={221--231},
  year={1998},
  publisher={Springer}
}

@inproceedings{goldreich1987play,
  title={How to play any mental game},
  author={Goldreich, Oded and Micali, Silvio and Wigderson, Avi},
  booktitle={Proceedings of the nineteenth annual ACM symposium on Theory of computing},
  pages={218--229},
  year={1987},
  organization={ACM}
}

@article{fischer1996secure,
  title={A secure protocol for the oblivious transfer},
  author={Fischer, Michael J. and Micali, Silvio and Rackoff, Charles},
  journal={Journal of Cryptology},
  volume={9},
  number={3},
  pages={191--195},
  year={1996},
  publisher={Springer}
}

@article{even1985randomized,
  title={A randomized protocol for signing contracts},
  author={Even, Shimon and Goldreich, Oded and Lempel, Abraham},
  journal={Communications of the ACM},
  volume={28},
  number={6},
  pages={637--647},
  year={1985},
  publisher={ACM}
}

@article{shamir1979share,
  title={How to share a secret},
  author={Shamir, Adi},
  journal={Communications of the ACM},
  volume={22},
  number={11},
  pages={612--613},
  year={1979},
  publisher={ACM}
}

@article{lindell2009proof,
  title={A proof of security of Yao’s protocol for two-party computation},
  author={Lindell, Yehuda and Pinkas, Benny},
  journal={Journal of Cryptology},
  volume={22},
  number={2},
  pages={161--188},
  year={2009},
  publisher={Springer}
}

@inproceedings{holzer2012secure,
  title={Secure two-party computations in ANSI C},
  author={Holzer, Andreas and Franz, Martin and Katzenbeisser, Stefan and Veith, Helmut},
  booktitle={Proceedings of the 2012 ACM conference on Computer and communications security},
  pages={772--783},
  year={2012},
  organization={ACM}
}

@inproceedings{yao1986generate,
  title={How to generate and exchange secrets},
  author={Yao, Andrew},
  booktitle={Foundations of Computer Science, 1986., 27th Annual Symposium on},
  pages={162--167},
  year={1986},
  organization={IEEE}
}

@inproceedings{ben2008fairplaymp,
  title={FairplayMP: a system for secure multi-party computation},
  author={Ben-David, Assaf and Nisan, Noam and Pinkas, Benny},
  booktitle={Proceedings of the 15th ACM conference on Computer and communications security},
  pages={257--266},
  year={2008},
  organization={ACM}
}

@inproceedings{chaum1988multiparty,
  title={Multiparty unconditionally secure protocols},
  author={Chaum, David and Cr{\'e}peau, Claude and Damgard, Ivan},
  booktitle={Proceedings of the twentieth annual ACM symposium on Theory of computing},
  pages={11--19},
  year={1988},
  organization={ACM}
}

@incollection{rivest2001leak,
  title={How to leak a secret},
  author={Rivest, Ronald L and Shamir, Adi and Tauman, Yael},
  booktitle={Advances in Cryptology—ASIACRYPT 2001},
  pages={552--565},
  year={2001},
  publisher={Springer}
}

@inproceedings{kushilevitz1997replication,
  title={Replication is not needed: Single database, computationally-private information retrieval},
  author={Kushilevitz, Eyal and Ostrovsky, Rafail},
  booktitle={focs},
  pages={364},
  year={1997},
  organization={IEEE}
}

@inproceedings{benaloh1994one,
  title={One-way accumulators: A decentralized alternative to digital signatures},
  author={Benaloh, Josh and De Mare, Michael},
  booktitle={Advances in Cryptology—EUROCRYPT’93},
  pages={274--285},
  year={1994},
  organization={Springer}
}

@inproceedings{miers2013zerocoin,
  title={Zerocoin: Anonymous distributed e-cash from bitcoin},
  author={Miers, Ian and Garman, Christina and Green, Matthew and Rubin, Aviel D},
  booktitle={Security and Privacy (SP), 2013 IEEE Symposium on},
  pages={397--411},
  year={2013},
  organization={IEEE}
}

@inproceedings{stefanov2013path,
  title={Path oram: An extremely simple oblivious ram protocol},
  author={Stefanov, Emil and Van Dijk, Marten and Shi, Elaine and Fletcher, Christopher and Ren, Ling and Yu, Xiangyao and Devadas, Srinivas},
  booktitle={Proceedings of the 2013 ACM SIGSAC conference on Computer \& communications security},
  pages={299--310},
  year={2013},
  organization={ACM}
}

@incollection{bernstein2009introduction,
  title={Introduction to post-quantum cryptography},
  author={Bernstein, Daniel J},
  booktitle={Post-quantum cryptography},
  pages={1--14},
  year={2009},
  publisher={Springer}
}

@article{shor1997polynomial,
  title={Polynomial-time algorithms for prime factorization and discrete logarithms on a quantum computer},
  author={Shor, Peter W},
  journal={SIAM journal on computing},
  volume={26},
  number={5},
  pages={1484--1509},
  year={1997},
  publisher={SIAM}
}

@inproceedings{fiat1994broadcast,
  title={Broadcast encryption},
  author={Fiat, Amos and Naor, Moni},
  booktitle={Advances in Cryptology—CRYPTO’93},
  pages={480--491},
  year={1994},
  organization={Springer}
}

@incollection{micciancio2011lattice,
  title={Lattice-based cryptography},
  author={Micciancio, Daniele},
  booktitle={Encyclopedia of Cryptography and Security},
  pages={713--715},
  year={2011},
  publisher={Springer}
}

@inproceedings{chor1994tracing,
  title={Tracing traitors},
  author={Chor, Benny and Fiat, Amos and Naor, Moni},
  booktitle={Advances in cryptology—CRYPTO’94},
  pages={257--270},
  year={1994},
  organization={Springer}
}

@incollection{juels2014honey,
  title={Honey encryption: Security beyond the brute-force bound},
  author={Juels, Ari and Ristenpart, Thomas},
  booktitle={Advances in Cryptology--EUROCRYPT 2014},
  pages={293--310},
  year={2014},
  publisher={Springer}
}

@article{blocki2014human,
  title={Human Computable Passwords},
  author={Blocki, Jeremiah and Blum, Manuel and Datta, Anupam and Vempala, Santosh},
  journal={arXiv preprint arXiv:1404.0024},
  year={2014}
}

@inproceedings{di2005secure,
  title={Secure off-the-record messaging},
  author={Di Raimondo, Mario and Gennaro, Rosario and Krawczyk, Hugo},
  booktitle={Proceedings of the 2005 ACM workshop on Privacy in the electronic society},
  pages={81--89},
  year={2005},
  organization={ACM}
}

