@article{solove2011privacy,
  title={Why privacy matters even if you have ‘nothing to hide’},
  author={Solove, Daniel J},
  journal={Chronicle of Higher Education},
  volume={15},
  year={2011}
}

@article{brin1999transparent,
  title={The transparent society},
  author={Brin, David},
  journal={Wired},
  year={1996},
	howpublished = {Online at \url{http://archive.wired.com/wired/archive/4.12/fftransparent_pr.html}},
	note={Accessed: 2015-05-24}
}

@inproceedings{oulasvirta2012long,
  title={Long-term effects of ubiquitous surveillance in the home},
  author={Oulasvirta, Antti and Pihlajamaa, Aurora and Perki{\"o}, Jukka and Ray, Debarshi and V{\"a}h{\"a}kangas, Taneli and Hasu, Tero and Vainio, Niklas and Myllym{\"a}ki, Petri},
  booktitle={Proceedings of the 2012 ACM Conference on Ubiquitous Computing},
  pages={41--50},
  year={2012},
  organization={ACM}
}

@article{chaum1985security,
  title={Security without identification: Transaction systems to make big brother obsolete},
  author={Chaum, David},
  journal={Communications of the ACM},
  volume={28},
  number={10},
  pages={1030--1044},
  year={1985},
  publisher={ACM}
}

@article{narayanan2013happened1,
  title={What happened to the crypto dream?, part 1},
  author={Narayanan, Arvind},
  journal={IEEE Security \& Privacy},
	volume={11},
  number={2},
  pages={75--76},
  year={2013},
  publisher={IEEE}
}

@article{narayanan2013happened2,
  title={What happened to the crypto dream?, part 2},
  author={Narayanan, Arvind},
  journal={IEEE Security \& Privacy},
	volume={11},
  number={3},
  pages={68--71},
  year={2013},
  publisher={IEEE}
}

@article{chaum1981untraceable,
  title={Untraceable electronic mail, return addresses, and digital pseudonyms},
  author={Chaum, David L},
  journal={Communications of the ACM},
  volume={24},
  number={2},
  pages={84--90},
  year={1981},
  publisher={ACM}
}

@inproceedings{dingeldine2004tor,
  title={Tor: The second-generation onion router},
  author={Dingeldine, R and Mathewson, Nick and Syverson, P},
  booktitle={Proceedings of the 13th USENIX Security Symposium},
  year={2004}
}

@inproceedings{wolinsky2013hang,
  title={Hang with your buddies to resist intersection attacks},
  author={Wolinsky, David Isaac and Syta, Ewa and Ford, Bryan},
  booktitle={Proceedings of the 2013 ACM SIGSAC conference on Computer \& communications security},
  pages={1153--1166},
  year={2013},
  organization={ACM}
}

@inproceedings{juarez2014critical,
  title={A critical evaluation of website fingerprinting attacks},
  author={Juarez, Marc and Afroz, Sadia and Acar, Gunes and Diaz, Claudia and Greenstadt, Rachel},
  booktitle={Proceedings of the 2014 ACM SIGSAC Conference on Computer and Communications Security},
  pages={263--274},
  year={2014},
  organization={ACM}
}

@Inproceedings {Mor2015bloom4,
author       = {Nitesh Mor and Oriana Riva and Suman Nath and John Kubiatowicz},
booktitle    = {Proceedings of the 22nd Annual Network and Distributed System Security Symposium
                (NDSS '15)},
month        = {February},
title        = {Bloom Cookies: Web Search Personalization without User Tracking},
url          = {http://research.microsoft.com/apps/pubs/default.aspx?id=238114},
year         = {2015},
}

@article{yekhanin2010private,
  title={Private information retrieval},
  author={Yekhanin, Sergey},
  journal={Communications of the ACM},
  volume={53},
  number={4},
  pages={68--73},
  year={2010},
  publisher={ACM}
}

@article{camenisch2012electronic,
  title={Electronic identities need private credentials},
  author={Camenisch, Jan and Lehmann, Anja and Neven, Gregory},
  journal={Security \& Privacy, IEEE},
  volume={10},
  number={1},
  pages={80--83},
  year={2012},
  publisher={IEEE}
}

@inproceedings{gervais2014privacy,
  title={On the privacy provisions of Bloom filters in lightweight Bitcoin clients},
  author={Gervais, Arthur and Capkun, Srdjan and Karame, Ghassan O and Gruber, Damian},
  booktitle={Proceedings of the 30th Annual Computer Security Applications Conference},
  pages={326--335},
  year={2014},
  organization={ACM}
}

@incollection{bonneau2014mixcoin,
  title={Mixcoin: Anonymity for Bitcoin with accountable mixes},
  author={Bonneau, Joseph and Narayanan, Arvind and Miller, Andrew and Clark, Jeremy and Kroll, Joshua A and Felten, Edward W},
  booktitle={Financial Cryptography and Data Security},
  pages={486--504},
  year={2014},
  publisher={Springer}
}

@article{starov2015measuring,
  title={Measuring and mitigating AS-level adversaries against Tor},
  author={Starov, Oleksii and Nithyanand, Rishab and Zair, Adva and Gill, Phillipa and Schapira, Michael},
  journal={arXiv preprint arXiv:1505.05173},
  year={2015}
}

@article{sweeney2002k,
  title={k-anonymity: A model for protecting privacy},
  author={Sweeney, Latanya},
  journal={International Journal of Uncertainty, Fuzziness and Knowledge-Based Systems},
  volume={10},
  number={05},
  pages={557--570},
  year={2002},
  publisher={World Scientific}
}

@article{nissenbaum2011contextual,
  title={A contextual approach to privacy online},
  author={Nissenbaum, Helen},
  journal={Daedalus},
  volume={140},
  number={4},
  pages={32--48},
  year={2011},
  publisher={MIT Press}
}

@article{nissenbaum2004privacy,
  title={Privacy as contextual integrity},
  author={Nissenbaum, Helen},
  journal={Washington law review},
  volume={79},
  number={1},
  year={2004}
}

@inproceedings{narayanan2011link,
  title={Link prediction by de-anonymization: How we won the kaggle social network challenge},
  author={Narayanan, Arvind and Shi, Elaine and Rubinstein, Benjamin IP},
  booktitle={Neural Networks (IJCNN), The 2011 International Joint Conference on},
  pages={1825--1834},
  year={2011},
  organization={IEEE}
}

@incollection{dwork2011differential,
  title={Differential privacy},
  author={Dwork, Cynthia},
  booktitle={Encyclopedia of Cryptography and Security},
  pages={338--340},
  year={2011},
  publisher={Springer}
}

@article{homer2008resolving,
  title={Resolving individuals contributing trace amounts of DNA to highly complex mixtures using high-density SNP genotyping microarrays},
  author={Homer, Nils and Szelinger, Szabolcs and Redman, Margot and Duggan, David and Tembe, Waibhav and Muehling, Jill and Pearson, John V and Stephan, Dietrich A and Nelson, Stanley F and Craig, David W and others},
  journal={PLoS Genet},
  volume={4},
  number={8},
  pages={e1000167},
  year={2008}
}

@inproceedings{kelley2009nutrition,
  title={A nutrition label for privacy},
  author={Kelley, Patrick Gage and Bresee, Joanna and Cranor, Lorrie Faith and Reeder, Robert W},
  booktitle={Proceedings of the 5th Symposium on Usable Privacy and Security},
  pages={4},
  year={2009},
  organization={ACM}
}

@inproceedings{reznichenko2014private,
  title={Private-by-design advertising meets the real world},
  author={Reznichenko, Alexey and Francis, Paul},
  booktitle={Proceedings of the 2014 ACM SIGSAC Conference on Computer and Communications Security},
  pages={116--128},
  year={2014},
  organization={ACM}
}


@inproceedings{kaptein2012rethinking,
  title={Rethinking statistical analysis methods for CHI},
  author={Kaptein, Maurits and Robertson, Judy},
  booktitle={Proceedings of the SIGCHI Conference on Human Factors in Computing Systems},
  pages={1105--1114},
  year={2012},
  organization={ACM}
}

@inproceedings{afroz2014doppelganger,
  title={Doppelg{\"a}nger finder: Taking stylometry to the underground},
  author={Afroz, Sadia and Islam, Aylin Caliskan and Stolerman, Ariel and Greenstadt, Rachel and McCoy, Damon},
  booktitle={Security and Privacy (SP), 2014 IEEE Symposium on},
  pages={212--226},
  year={2014},
  organization={IEEE}
}

@article{chaum2004secret,
  title={Secret-ballot receipts: True voter-verifiable elections},
  author={Chaum, David},
  journal={IEEE security \& privacy},
  number={1},
	volume={2},
  pages={38--47},
  year={2004},
  publisher={IEEE}
}

@article{acquisti2015privacy,
  title={Privacy and human behavior in the age of information},
  author={Acquisti, Alessandro and Brandimarte, Laura and Loewenstein, George},
  journal={Science},
  volume={347},
  number={6221},
  pages={509--514},
  year={2015},
  publisher={American Association for the Advancement of Science}
}

@article{jagatic2007social,
  title={Social phishing},
  author={Jagatic, Tom N and Johnson, Nathaniel A and Jakobsson, Markus and Menczer, Filippo},
  journal={Communications of the ACM},
  volume={50},
  number={10},
  pages={94--100},
  year={2007},
  publisher={ACM}
}

@article{kang2011self,
  title={Self-surveillance privacy},
  author={Kang, Jerry and Shilton, Katie and Estrin, Deborah and Burke, Jeff},
  journal={Iowa L. Rev.},
  volume={97},
  pages={809},
  year={2011},
  publisher={HeinOnline}
}



